<?xml version="1.0" encoding="UTF-8"?>
<record>
  <leader>01027nam#a2200253#cc4500</leader>
  <controlfield tag="005">20230210074751.0</controlfield>
  <controlfield tag="007">tu</controlfield>
  <controlfield tag="008">180530|2001####gw############|||#|#ger#c</controlfield>
  <controlfield tag="003">DE-605</controlfield>
  <controlfield tag="001">990225056670206441</controlfield>
  <datafield tag="016" ind1="7" ind2=" ">
    <subfield code="a">1074286945</subfield>
    <subfield code="2">OCoLC</subfield>
  </datafield>
  <datafield tag="020" ind1=" " ind2=" ">
    <subfield code="a">3931645029</subfield>
    <subfield code="9">3-931645-02-9</subfield>
  </datafield>
  <datafield tag="035" ind1=" " ind2=" ">
    <subfield code="a">(DE-605)TT003907920</subfield>
  </datafield>
  <datafield tag="040" ind1=" " ind2=" ">
    <subfield code="a">82/Inst</subfield>
    <subfield code="b">ger</subfield>
    <subfield code="c">82/Inst</subfield>
    <subfield code="e">rakwb</subfield>
  </datafield>
  <datafield tag="041" ind1=" " ind2=" ">
    <subfield code="a">ger</subfield>
  </datafield>
  <datafield tag="044" ind1=" " ind2=" ">
    <subfield code="c">XA-DE</subfield>
  </datafield>
  <datafield tag="100" ind1="1" ind2=" ">
    <subfield code="a">Furlan, Peter</subfield>
    <subfield code="d">1953-</subfield>
    <subfield code="0">(DE-588)1049517296</subfield>
    <subfield code="4">aut</subfield>
    <subfield code="9">O:H</subfield>
  </datafield>
  <datafield tag="245" ind1="1" ind2="0">
    <subfield code="a">&lt;&lt;Das&gt;&gt; gelbe Rechenbuch</subfield>
    <subfield code="b">für Ingenieure, Naturwissenschaftler und Mathematiker ; Rechenverfahren der höheren Mathematik in Einzelschritten erklärt ; mit vielen ausführlich gerechneten Beispielen</subfield>
    <subfield code="n">3</subfield>
    <subfield code="p">Gewöhnliche Differentialgleichungen, Funktionentheorie, Integraltransformationen, Partielle Differentialgleichungen</subfield>
    <subfield code="c">Peter Furlan</subfield>
  </datafield>
  <datafield tag="264" ind1=" " ind2="1">
    <subfield code="a">Dortmund</subfield>
    <subfield code="b">Furlan</subfield>
    <subfield code="c">ca. 2001</subfield>
  </datafield>
  <datafield tag="300" ind1=" " ind2=" ">
    <subfield code="a">219 S.: graph. Darst.</subfield>
  </datafield>
  <datafield tag="035" ind1=" " ind2=" ">
    <subfield code="a">(OCoLC)1074286945</subfield>
  </datafield>
  <datafield tag="964" ind1="0" ind2="s">
    <subfield code="F">030</subfield>
    <subfield code="A">a|1uc||||||||</subfield>
  </datafield>
  <datafield tag="964" ind1="0" ind2="s">
    <subfield code="F">050</subfield>
    <subfield code="A">a|||||||||||||</subfield>
  </datafield>
  <datafield tag="773" ind1="0" ind2="8">
    <subfield code="w">(DE-605)HT006855611</subfield>
    <subfield code="q">3</subfield>
  </datafield>
  <datafield tag="MBD" ind1=" " ind2=" ">
    <subfield code="M">49HBZ_NETWORK</subfield>
    <subfield code="i">990225056670206441</subfield>
    <subfield code="n">HBZ Network</subfield>
  </datafield>
  <datafield tag="MNG" ind1=" " ind2=" ">
    <subfield code="c">System</subfield>
    <subfield code="f">ILS</subfield>
    <subfield code="i">marc21</subfield>
    <subfield code="k">01</subfield>
    <subfield code="e">false</subfield>
    <subfield code="d">2023-02-10 07:47:51 Europe/Berlin</subfield>
    <subfield code="g">022505667-HBZ01</subfield>
    <subfield code="j">60</subfield>
    <subfield code="a">import</subfield>
    <subfield code="b">2021-04-05 13:58:09 Europe/Berlin</subfield>
  </datafield>
</record>
